@INPROCEEDINGS{Harvey:1995,
    author = {William D. Harvey and Matthew L. Ginsberg},
    title = {Limited Discrepancy Search},
    booktitle = {},
    year = {1995},
    pages = {607--613},
    publisher = {Morgan Kaufmann}
}

@book{thebible,
    author    = {Michael R. Garey and David S. Johnson},
    title     = {Computers and Intractability: A Guide to the Theory of NP-Completeness},
    year      = {1979},
    publisher = {Bell Telephone Laboratories, Incorporated},
    address   = {United States of America}
}